@inproceedings{Lopes:2015:PCP:2737924.2737965,
 author = {Lopes, Nuno P. and Menendez, David and Nagarakatte, Santosh and Regehr, John},
 title = {Provably Correct Peephole Optimizations with Alive},
 booktitle = {Proceedings of the 36th ACM SIGPLAN Conference on Programming Language Design and Implementation},
 series = {PLDI '15},
 year = {2015},
 isbn = {978-1-4503-3468-6},
 location = {Portland, OR, USA},
 pages = {22--32},
 numpages = {11},
 url = {http://doi.acm.org/10.1145/2737924.2737965},
 doi = {10.1145/2737924.2737965},
 acmid = {2737965},
 publisher = {ACM},
 address = {New York, NY, USA},
 keywords = {Alive, Compiler Verification, Peephole Optimization},
}

@article{Yang:2011:FUB:1993316.1993532,
 author = {Yang, Xuejun and Chen, Yang and Eide, Eric and Regehr, John},
 title = {Finding and Understanding Bugs in C Compilers},
 journal = {SIGPLAN Not.},
 issue_date = {June 2011},
 volume = {46},
 number = {6},
 month = jun,
 year = {2011},
 issn = {0362-1340},
 pages = {283--294},
 numpages = {12},
 url = {http://doi.acm.org/10.1145/1993316.1993532},
 doi = {10.1145/1993316.1993532},
 acmid = {1993532},
 publisher = {ACM},
 address = {New York, NY, USA},
 keywords = {automated testing, compiler defect, compiler testing, random program generation, random testing},
}

@inproceedings{Menendez:2017:ADP:3062341.3062372,
 author = {Menendez, David and Nagarakatte, Santosh},
 title = {Alive-Infer: Data-driven Precondition Inference for Peephole Optimizations in LLVM},
 booktitle = {Proceedings of the 38th ACM SIGPLAN Conference on Programming Language Design and Implementation},
 series = {PLDI 2017},
 year = {2017},
 isbn = {978-1-4503-4988-8},
 location = {Barcelona, Spain},
 pages = {49--63},
 numpages = {15},
 url = {http://doi.acm.org/10.1145/3062341.3062372},
 doi = {10.1145/3062341.3062372},
 acmid = {3062372},
 publisher = {ACM},
 address = {New York, NY, USA},
 keywords = {Alive, Compilers, Inference, Learning},
}

@article{Lengauer2012Polly,
  added-at = {2013-03-01T00:00:00.000+0100},
  author = {Grosser, Tobias and Größlinger, Armin and Lengauer, Christian},
  biburl = {https://www.bibsonomy.org/bibtex/2994f0f6375a23bf37f7ad65707bc066f/dblp},
  ee = {http://dx.doi.org/10.1142/S0129626412500107},
  interhash = {c44869d500b0f606dc1c183140b85c61},
  intrahash = {994f0f6375a23bf37f7ad65707bc066f},
  journal = {Parallel Processing Letters},
  keywords = {dblp},
  number = 4,
  timestamp = {2013-08-13T13:46:02.000+0200},
  title = {Polly - Performing Polyhedral Optimizations on a Low-Level Intermediate Representation.},
  url = {http://dblp.uni-trier.de/db/journals/ppl/ppl22.html#GrosserGL12},
  volume = 22,
  year = {2012}
}
